<collection xmlns="http://www.loc.gov/MARC21/slim">
<record>
  <leader>01237nam0a2200265 i 450 </leader>
  <controlfield tag="001">IT\ICCU\CNCE\032615</controlfield>
  <controlfield tag="005">20080207000000.0</controlfield>
  <datafield tag="012" ind1=" " ind2=" ">
    <subfield code="a">i.ai r-i. lano nele (C) 1585 (R)</subfield>
    <subfield code="2">fei</subfield>
  </datafield>
  <datafield tag="100" ind1=" " ind2=" ">
    <subfield code="a">19971213d1585        0itac0103    ba</subfield>
  </datafield>
  <datafield tag="101" ind1=" " ind2=" ">
    <subfield code="a">ITA</subfield>
  </datafield>
  <datafield tag="102" ind1=" " ind2=" ">
    <subfield code="a">IT</subfield>
  </datafield>
  <datafield tag="200" ind1="1" ind2=" ">
    <subfield code="a">Instruttione generale per purgare ogni sorte di robba sospetta, tanto per la citt ̉di Milano, quanto per ogni altro luogo</subfield>
  </datafield>
  <datafield tag="210" ind1=" " ind2=" ">
    <subfield code="a">In Torino</subfield>
    <subfield code="c">per Antonio di Bianchi</subfield>
    <subfield code="d">appresso Santo Simone</subfield>
    <subfield code="d">et Iuda</subfield>
    <subfield code="d">1585</subfield>
  </datafield>
  <datafield tag="215" ind1=" " ind2=" ">
    <subfield code="a">7, \1! c.</subfield>
    <subfield code="d">4ʻ</subfield>
  </datafield>
  <datafield tag="620" ind1=" " ind2=" ">
    <subfield code="a">IT</subfield>
    <subfield code="d">Torino</subfield>
  </datafield>
  <datafield tag="700" ind1=" " ind2="1">
    <subfield code="a">Gherardini,</subfield>
    <subfield code="b">Giovanni Filippo</subfield>
    <subfield code="3">IT\ICCU\CNCA\005993</subfield>
  </datafield>
  <datafield tag="712" ind1="0" ind2="0">
    <subfield code="a">Bianchi, Antonio</subfield>
    <subfield code="3">IT\ICCU\CNCT\000437</subfield>
    <subfield code="4">650</subfield>
  </datafield>
  <datafield tag="790" ind1=" " ind2="1">
    <subfield code="a">Gherardini,</subfield>
    <subfield code="b">Johannes Philippus</subfield>
    <subfield code="3">IT\ICCU\CNCA\019821</subfield>
    <subfield code="z">Gherardini, Giovanni Filippo</subfield>
  </datafield>
  <datafield tag="791" ind1="0" ind2="0">
    <subfield code="a">Albinus, Antonius</subfield>
    <subfield code="3">IT\ICCU\CNCT\004115</subfield>
    <subfield code="z">Bianchi, Antonio</subfield>
  </datafield>
  <datafield tag="791" ind1="0" ind2="0">
    <subfield code="a">Blancus, Antonius</subfield>
    <subfield code="3">IT\ICCU\CNCT\004369</subfield>
    <subfield code="z">Bianchi, Antonio</subfield>
  </datafield>
  <datafield tag="791" ind1="0" ind2="0">
    <subfield code="a">Bianqui, Antonio de</subfield>
    <subfield code="3">IT\ICCU\CNCT\004370</subfield>
    <subfield code="z">Bianchi, Antonio</subfield>
  </datafield>
  <datafield tag="801" ind1=" " ind2="3">
    <subfield code="a">IT</subfield>
    <subfield code="b">ICCU</subfield>
    <subfield code="c">20201114</subfield>
  </datafield>
  <datafield tag="899" ind1=" " ind2=" ">
    <subfield code="a">Biblioteca civica centrale. Torino</subfield>
    <subfield code="1">TO0240</subfield>
    <subfield code="2">BCT 01</subfield>
  </datafield>
  <datafield tag="911" ind1=" " ind2=" ">
    <subfield code="a">Sul front.</subfield>
    <subfield code="9">IT\ICCU\CNCM\002121</subfield>
  </datafield>
  <datafield tag="921" ind1=" " ind2=" ">
    <subfield code="a">IT\ICCU\CNCM\002121</subfield>
    <subfield code="b">Salamandra coronata fra le fiamme.</subfield>
    <subfield code="c">U664</subfield>
    <subfield code="d">Dimensioni: 5,8 x 10,1</subfield>
    <subfield code="f">SALAMANDRA</subfield>
    <subfield code="g">1585-1586</subfield>
  </datafield>
</record>
</collection>
